<?xml version="1.0" encoding="utf-8"?>
<record xmlns="http://www.loc.gov/MARC21/slim" xmlns:xsi="http://www.w3.org/2001/XMLSchema-instance" xsi:schemaLocation="http://www.loc.gov/MARC21/slim http://www.loc.gov/standards/marcxml/schema/MARC21slim.xsd">
	<leader>     nam a22        4500</leader>
	<controlfield tag="001">1894799</controlfield>
	<controlfield tag="003">NNC</controlfield>
	<controlfield tag="006">m        d        </controlfield>
	<controlfield tag="007">cr cn |||m|||a</controlfield>
	<controlfield tag="008">150505m18929999le      o     000 0 arard</controlfield>
	<datafield ind1=" " ind2=" " tag="040">
		<subfield code="a">NNU</subfield>
		<subfield code="b">eng</subfield>
		<subfield code="e">rda</subfield>
		<subfield code="c">NNU</subfield>
	</datafield>
	<datafield ind1=" " ind2="4" tag="050">
		<subfield code="a">PJ7601</subfield>
		<subfield code="b">.N85 1892</subfield>
	</datafield>
	<datafield ind1="0" ind2="0" tag="245">
		<subfield code="6">880-01</subfield>
		<subfield code="a">Nukhab al-mulaḥ /</subfield>
		<subfield code="c">jamaʻahā Yūḥannā Bilū wa-Aghūstīnūs Rūdah.</subfield>
	</datafield>
	<datafield ind1=" " ind2="3" tag="264">
		<subfield code="6">880-02</subfield>
		<subfield code="a">Bayrūt :</subfield>
		<subfield code="b">al-maṭbaʻah al-kāthūlīkiyah lil-ābāʼ al-yasūʻiyn,</subfield>
		<subfield code="c">1892-</subfield>
	</datafield>
	<datafield ind1=" " ind2=" " tag="300">
		<subfield code="a">online resource (2 volumes)</subfield>
	</datafield>
	<datafield ind1=" " ind2=" " tag="336">
		<subfield code="a">text</subfield>
		<subfield code="2">rdacontent</subfield>
	</datafield>
	<datafield ind1=" " ind2=" " tag="337">
		<subfield code="a">computer</subfield>
		<subfield code="2">rdamedia</subfield>
	</datafield>
	<datafield ind1=" " ind2=" " tag="338">
		<subfield code="a">online resource</subfield>
		<subfield code="2">rdacarrier</subfield>
	</datafield>
	<datafield ind1=" " ind2=" " tag="500">
		<subfield code="a">Part of the Arabic Collections Online (ACO) project, contributed by Columbia University Libraries.</subfield>
	</datafield>
	<datafield ind1="0" ind2="0" tag="505">
		<subfield code="6">880-03</subfield>
		<subfield code="g">al-juzʼ 1, al-qism 1.</subfield>
		<subfield code="t">Wa-huwa yashtamilu ʻalá ḥikāyāt adabīyah --</subfield>
		<subfield code="g">al-juzʼ 1, al-qism 2.</subfield>
		<subfield code="t">Wa-huwa yashtamilu ʻalá ḥikāyāt adabīyah wa-nawādir ḥikamīyah wa-ḥawādith taʼrīkhīyah --</subfield>
		<subfield code="g">al-juzʼ 1, al-qism 3.</subfield>
		<subfield code="t">Wa-huwa yashtamilu ʻalá ḥikāyāt adabīyah --</subfield>
		<subfield code="g">al-juzʼ 2, al-qism 1.</subfield>
		<subfield code="t">Wa-huwa yashtamilu ʻalá amthāl ḥikmīyah wa-maqālāt adabīyah wa-rasāʼil faṣīḥah li-abraʻ kuttāb al-ʻArabīyah --</subfield>
		<subfield code="g">al-juzʼ 2, al-qism 2.</subfield>
		<subfield code="t">Wa-huwa yashtamilu ʻalá maqāmāt lughawīyah li-ashhar aʼimmat al-ʻArabīyah.</subfield>
	</datafield>
	<datafield ind1=" " ind2=" " tag="533">
		<subfield code="a">Electronic reproduction.</subfield>
		<subfield code="b">New York, N.Y. :</subfield>
		<subfield code="c">New York University,</subfield>
		<subfield code="d">2015.</subfield>
		<subfield code="5">NNU</subfield>
	</datafield>
	<datafield ind1=" " ind2="0" tag="650">
		<subfield code="a">Arabic literature.</subfield>
	</datafield>
	<datafield ind1=" " ind2="0" tag="650">
		<subfield code="a">Arabic language</subfield>
		<subfield code="v">Readers.</subfield>
	</datafield>
	<datafield ind1=" " ind2="7" tag="650">
		<subfield code="a">Arabic language.</subfield>
		<subfield code="2">fast</subfield>
		<subfield code="0">(OCoLC)fst00812287</subfield>
	</datafield>
	<datafield ind1=" " ind2="7" tag="650">
		<subfield code="a">Arabic literature.</subfield>
		<subfield code="2">fast</subfield>
		<subfield code="0">(OCoLC)fst00812478</subfield>
	</datafield>
	<datafield ind1=" " ind2="7" tag="655">
		<subfield code="a">Readers.</subfield>
		<subfield code="2">fast</subfield>
		<subfield code="0">(OCoLC)fst01423896</subfield>
	</datafield>
	<datafield ind1="1" ind2=" " tag="700">
		<subfield code="6">880-04</subfield>
		<subfield code="a">Belot, J. B.</subfield>
		<subfield code="q">(Jean Baptiste),</subfield>
		<subfield code="d">1822-1904.</subfield>
	</datafield>
	<datafield ind1="1" ind2=" " tag="700">
		<subfield code="6">880-05</subfield>
		<subfield code="a">Rūdah, Aghustīnūs.</subfield>
	</datafield>
	<datafield ind1="2" ind2=" " tag="710">
		<subfield code="a">Columbia University.</subfield>
		<subfield code="b">Libraries.</subfield>
	</datafield>
	<datafield ind1="0" ind2=" " tag="730">
		<subfield code="a">Arabic Collections Online.</subfield>
	</datafield>
	<datafield ind1="0" ind2="8" tag="776">
		<subfield code="i">Online version:</subfield>
		<subfield code="t">Nukhab al-mulaḥ.</subfield>
		<subfield code="d">Bayrūt : al-Maṭbaʻah al-Kāthūlīkīyah lil-Ābāʼ al-Yasūʻīyīn, 1892-</subfield>
		<subfield code="w">(OCoLC)639430890</subfield>
	</datafield>
	<datafield ind1="0" ind2="8" tag="776">
		<subfield code="i">Print version:</subfield>
		<subfield code="t">Nukhab al-mulaḥ</subfield>
		<subfield code="w">(NNC)1894799</subfield>
		<subfield code="w">(OCoLC)311866350</subfield>
	</datafield>
	<datafield ind1="4" ind2="0" tag="856">
		<subfield code="u">http://hdl.handle.net/2333.1/8sf7m25w</subfield>
	</datafield>
	<datafield ind1="0" ind2="0" tag="880">
		<subfield code="6">245-01/r</subfield>
		<subfield code="a">نخب الملح /</subfield>
		<subfield code="c">جمعها يوحنا بلو واغوستينوس روده.</subfield>
	</datafield>
	<datafield ind1=" " ind2="3" tag="880">
		<subfield code="6">264-02/r</subfield>
		<subfield code="a">بيروت :</subfield>
		<subfield code="b">المطبعة الكاثوليكية للآباء اليسوعين،</subfield>
		<subfield code="c">1892-.</subfield>
	</datafield>
	<datafield ind1="0" ind2="0" tag="880">
		<subfield code="6">505-03/r</subfield>
		<subfield code="g">الجزء 1، القسم 1.</subfield>
		<subfield code="t">وهو يشتمل على حكايات ادبية</subfield>
		<subfield code="g">الجزء 1، القسم 2.</subfield>
		<subfield code="t">وهو يشتمل على حكايات ادبية ونوادر حكمية وحوادث تأريخية</subfield>
		<subfield code="g">الجزء 1، القسم 3.</subfield>
		<subfield code="t">وهو يشتمل على حكايات ادبية</subfield>
		<subfield code="g">الجزء 2، القسم 1.</subfield>
		<subfield code="t">وهو يشتمل على امثال حكمية ومقالات ادبية ورسائل فصيحة لابرع كتاب العربية</subfield>
		<subfield code="g">الجزء 2، القسم 2.</subfield>
		<subfield code="t">وهو يشتمل على مقامات لغوية لاشهر أمة العربية.</subfield>
	</datafield>
	<datafield ind1="1" ind2=" " tag="880">
		<subfield code="6">700-04/r</subfield>
		<subfield code="a">بلو، يوحنا،,</subfield>
		<subfield code="d">1904-1822.</subfield>
	</datafield>
	<datafield ind1="1" ind2=" " tag="880">
		<subfield code="6">700-05/r</subfield>
		<subfield code="a">روده، أغوستينوس.</subfield>
	</datafield>
	<datafield ind1=" " ind2=" " tag="959">
		<subfield code="a">NNU</subfield>
		<subfield code="b">WEB</subfield>
		<subfield code="c">GENI</subfield>
		<subfield code="t">0</subfield>
		<subfield code="m">Electronic access</subfield>
		<subfield code="s">01</subfield>
	</datafield>
	<datafield ind1=" " ind2=" " tag="999">
		<subfield code="i">NNC_1894799</subfield>
		<subfield code="o">(OCoLC)311866350</subfield>
		<subfield code="s">columbia_aco000049:v.1</subfield>
	</datafield>
</record>
